@INPROCEEDINGS{1,
  author={M, Suriya and Sumithra, M.G},
  booktitle={2022 8th International Conference on Advanced Computing and Communication Systems (ICACCS)}, 
  title={Overview of Spectrum Sharing and Dynamic Spectrum Allocation schemes in Cognitive Radio Networks}, 
  year={2022},
  volume={1},
  number={},
  cites={0},
  pages={934-937},
  doi={10.1109/ICACCS54159.2022.9785048}}
  
  
  @article{2,
  title={A Review on SDR, Spectrum Sensing, and CR-based IoT in Cognitive Radio Networks},
  author={Kassri, Nadia and Ennouaary, Abdeslam and Bah, Slimane and Baghdadi, Hajar},
  journal={International Journal of Advanced Computer Science and Applications},
  volume={12},
  number={6},
  year={2021},
  cites={2},
  publisher={Science and Information (SAI) Organization Limited}
}

@inproceedings{3,
  title={Cognitive radio networks: A survey},
  author={Alias, Dinu Mary and others},
  booktitle={2016 International conference on wireless communications, signal processing and networking (WiSPNET)},
  pages={1981--1986},
  year={2016},
  cites={53},
  organization={IEEE}
}

@inproceedings{4,
  title={Cognitive radio spectrum sensing: A survey},
  author={Muchandi, Niranjan and Khanai, Rajashri},
  booktitle={2016 International Conference on Electrical, Electronics, and Optimization Techniques (ICEEOT)},
  pages={3233--3237},
  year={2016},
  cites={70},
  organization={IEEE}
}

@article{5,
  title={Full spectrum sharing in cognitive radio networks toward 5G: A survey},
  author={Hu, Feng and Chen, Bing and Zhu, Kun},
  journal={IEEE Access},
  volume={6},
  pages={15754--15776},
  year={2018},
  cites={242},
  publisher={IEEE}
}
